@article{article,
author = {Quinn, Terry and Parks, H. and Speake, Clive and Davis, Richard},
year = {2013},
month = {05},
pages = {},
title = {An Improved Determination of G Using Two Methods.},
journal = {Physical Review Letters},
doi = {10.1103/PhysRevLett.111.101102}
}

@article{article,
author = {Kotov, V.},
year = {2019},
month = {07},
pages = {},
title = {Superfast Exoplanets and 9600 s},
volume = {123},
journal = {Earth, Moon, and Planets},
doi = {10.1007/s11038-019-09526-3}
}

@article{article,
author = {Kotov, Valery and Sanchez, Francis},
year = {2017},
month = {01},
pages = {},
title = {Solar 22 years cycle},
volume = {362},
journal = {Astrophysics and Space Science},
doi = {10.1007/s10509-016-2985-8}
}

@article{article,
author = {Sanchez, Francis and Kotov, V.A.},
year = {2014},
month = {01},
pages = {44-77},
title = {Cosmic oscillation and coherent quantum cosmology},
volume = {2},
journal = {Bull. Acad. Internat. Concorde (Paris)}
}
